
%%LIBROS **********************************************************************************************************

@book{Walls2013,
	author = {Walls, M.},
	title = {Building a DevOps Culture},
	year = {2013},
	publisher = {Sebastopol: O’Reilly},
}

@book{Citrix2018,
	author = {Citrix XenServer},
	title = {Citrix XenServer 7.0 Administrator's Guide},
	year = {2018},
	publisher = {Citrix Inc.},
}

@book{Hyperv2019,
	author = {Centro Criptologico},
	title = {Implementacion de Seguridad en Microsoft Hyper-V sobre Windows Server 2016},
	year = {2019},
	publisher = {Sidertia Solutions S.L},
}

%%TESIS **********************************************************************************************************

@mastersthesis{Perez2018,
	author = {Pérez, L.},
	title = {DevOps: IT Development in the Era of Digitalization },
	year = {2018},
	address  = {Universidad de Valladolid, España},
	howpublished = {Recuperado de  {https://n9.cl/ar2v}},
	note = {Accedido el 29-08-2019}
}

%%PAGINAS WEB ******************************************************************************************************
@misc{Gartner,
	author = {Gartner},
	title = {IT Glossary},
	year = {ne},
	howpublished = {Recuperado de  {https://www.gartner.com/it-glossary/devops}},
	note = {Accedido el 28-08-2019}
}
@misc{Rubens,
	author = {Rubens},
	title = {What are containers and why do you need them?},
	year = {2017},
	howpublished = {Recuperado de  {https://www.cio.com/article/2924995/what-are-containers-and-why-do-you-need-them.html}},
	note = {Accedido el 03-11-2019}
}




